<record><leader>00000cas a2200000 a 4500</leader><controlfield tag="001">34725983</controlfield><controlfield tag="008">960514d18911uuumiudn ne      0    0eng c</controlfield><datafield ind1=" " ind2=" " tag="010"><subfield code="a">sn 96676611 </subfield></datafield><datafield ind1=" " ind2=" " tag="040"><subfield code="a">MHN</subfield><subfield code="b">eng</subfield><subfield code="c">MHN</subfield><subfield code="d">OCL</subfield><subfield code="d">OCLCQ</subfield><subfield code="d">OCLCO</subfield></datafield><datafield ind1="1" ind2=" " tag="029"><subfield code="a">AU@</subfield><subfield code="b">000012501049</subfield></datafield><datafield ind1=" " ind2=" " tag="042"><subfield code="a">pcc</subfield></datafield><datafield ind1=" " ind2=" " tag="043"><subfield code="a">n-us-mi</subfield></datafield><datafield ind1="0" ind2="0" tag="245"><subfield code="a">Bay City times-press.</subfield></datafield><datafield ind1="3" ind2=" " tag="246"><subfield code="a">Sunday times</subfield></datafield><datafield ind1=" " ind2=" " tag="260"><subfield code="a">Bay City, Mich. ;</subfield><subfield code="a">West Bay City, Mich. :</subfield><subfield code="b">Bay City Times Co.</subfield></datafield><datafield ind1=" " ind2=" " tag="300"><subfield code="a">v.</subfield></datafield><datafield ind1=" " ind2=" " tag="310"><subfield code="a">Daily (except Sun.)</subfield></datafield><datafield ind1="0" ind2=" " tag="362"><subfield code="a">Vol. 12, no. 146 (May 19, 1891)-v. 24, no. 63 (Mar. 14, 1903) ; 24th yr. no. 64 (Mar. 16, 1903)-24th yr., no. 155 (June 30, 1903).</subfield></datafield><datafield ind1=" " ind2=" " tag="580"><subfield code="a">Sunday ed.: Sunday times (Bay City, Mich.).</subfield></datafield><datafield ind1=" " ind2="0" tag="651"><subfield code="a">Bay City (Mich.)</subfield><subfield code="v">Newspapers.</subfield></datafield><datafield ind1=" " ind2="0" tag="651"><subfield code="a">West Bay City (Mich.)</subfield><subfield code="v">Newspapers.</subfield></datafield><datafield ind1=" " ind2="0" tag="651"><subfield code="a">Bay County (Mich.)</subfield><subfield code="v">Newspapers.</subfield></datafield><datafield ind1=" " ind2=" " tag="752"><subfield code="a">United States</subfield><subfield code="b">Michigan</subfield><subfield code="c">Bay</subfield><subfield code="d">Bay City.</subfield></datafield><datafield ind1="1" ind2=" " tag="775"><subfield code="t">Sunday times (Bay City, Mich.)</subfield><subfield code="w">(DLC)sn 96076627</subfield><subfield code="w">(OCoLC)34762868</subfield></datafield><datafield ind1="0" ind2="0" tag="780"><subfield code="t">Bay City times and evening press</subfield><subfield code="w">(DLC)sn 96076610</subfield><subfield code="w">(OCoLC)34725494</subfield></datafield><datafield ind1="0" ind2="0" tag="785"><subfield code="a">Evening times (Bay City, Mich.)</subfield><subfield code="w">(DLC)sn 96076627</subfield><subfield code="w">(OCoLC)34763382</subfield></datafield></record>